% This file contains BibTeX entries that are used by sphinxcontrib-bibtex to
# generate the bibliography in the documentation.
%
% In docstrings and .rst files, use citations like :cite:p:`alfven1942` for a
% parenthetical citation like "[Alfvén 1942]", and :cite:t:`alfven1942` for a
% textual citation like "Alfvén [1942]". For multiple citations, separate with commas
% like :cite:p:`alfven1942, alfven1952`
%
% For more details, see the sphinxcontrib-bibtex docs:
% or the documentation in the PlasmaPy contributor guide:



@Article{Lahmann2020cr39,
  author    = {B. Lahmann and M. Gatu Johnson and J. A. Frenje and Y. Yu. Glebov and H. G. Rinderknecht and F. H. S{\'{e}}guin and G. Sutcliffe and R. D. Petrasso},
  journal   = {Review of Scientific Instruments},
  title     = {{CR}-39 nuclear track detector response to inertial confinement fusion relevant ions},
  year      = {2020},
  month     = {May},
  number    = {5},
  pages     = {053502},
  volume    = {91},
  doi       = {10.1063/5.0004129},
  publisher = {{AIP} Publishing},
}

@Article{Sinenian2011response,
  author    = {N. Sinenian and M. J. Rosenberg and M. Manuel and S. C. McDuffee and D. T. Casey and A. B. Zylstra and H. G. Rinderknecht and M. Gatu Johnson and F. H. S{\'{e}}guin and J. A. Frenje and C. K. Li and R. D. Petrasso},
  journal   = {Review of Scientific Instruments},
  title     = {The response of {CR}-39 nuclear track detector to 1{\textendash}9 {MeV} protons},
  year      = {2011},
  month     = {Oct},
  number    = {10},
  pages     = {103303},
  volume    = {82},
  doi       = {10.1063/1.3653549},
  publisher = {{AIP} Publishing},
}



@Article{Frenje2002absolute,
  author    = {Frenje, J. A. and Li, C. K. and Séguin, F. H. and Hicks, D. G. and Kurebayashi, S. and Petrasso, R. D. and Roberts, S. and Glebov, V. Yu. and Meyerhofer, D. D. and Sangster, T. C. and Soures, J. M. and Stoeckl, C. and Chiritescu, C. and Schmid, G. J. and Lerche, R. A.},
  journal   = {Review of Scientific Instruments},
  title     = {Absolute measurements of neutron yields from DD and DT implosions at the OMEGA laser facility using CR-39 track detectors},
  year      = {2002},
  issn      = {1089-7623},
  month     = Jul,
  number    = {7},
  pages     = {2597--2605},
  volume    = {73},
  doi       = {10.1063/1.1487889},
  publisher = {AIP Publishing},
}



@Article{Cartwright1978nuclear,
  author    = {Cartwright, B.G. and Shirk, E.K. and Price, P.B.},
  journal   = {Nuclear Instruments and Methods},
  title     = {A nuclear-track-recording polymer of unique sensitivity and resolution},
  year      = {1978},
  issn      = {0029-554X},
  month     = Jul,
  number    = {2–3},
  pages     = {457--460},
  volume    = {153},
  doi       = {10.1016/0029-554x(78)90989-8},
  publisher = {Elsevier BV},
}

@Article{Rinderknecht2015impact,
  author    = {H. G. Rinderknecht and J. Rojas-Herrera and A. B. Zylstra and J. A. Frenje and M. Gatu Johnson and H. Sio and N. Sinenian and M. J. Rosenberg and C. K. Li and F. H. S{\'{e}}guin and R. D. Petrasso and T. Filkins and Jeffrey A. Steidle and Jessica A. Steidle and N. Traynor and C. Freeman},
  journal   = {Review of Scientific Instruments},
  title     = {Impact of x-ray dose on track formation and data analysis for {CR}-39-based proton diagnostics},
  year      = {2015},
  month     = {dec},
  number    = {12},
  pages     = {123511},
  volume    = {86},
  doi       = {10.1063/1.4938161},
  publisher = {{AIP} Publishing},
}

@Article{RojasHerrera2015impact,
  author    = {J. Rojas-Herrera and H. G. Rinderknecht and A. B. Zylstra and M. Gatu Johnson and D. Orozco and M. J. Rosenberg and H. Sio and F. H. Seguin and J. A. Frenje and C. K. Li and R. D. Petrasso},
  journal   = {Review of Scientific Instruments},
  title     = {Impact of x-ray dose on the response of {CR}-39 to 1{\textendash}5.5 {MeV} alphas},
  year      = {2015},
  month     = {mar},
  number    = {3},
  pages     = {033501},
  volume    = {86},
  doi       = {10.1063/1.4913906},
  publisher = {{AIP} Publishing},
}

@Article{Manuel2011changes,
  author    = {Manuel, M. J.-E. and Rosenberg, M. J. and Sinenian, N. and Rinderknecht, H. and Zylstra, A. B. and Séguin, F. H. and Frenje, J. and Li, C. K. and Petrasso, R. D.},
  journal   = {Review of Scientific Instruments},
  title     = {Changes in CR-39 proton sensitivity due to prolonged exposure to high vacuums relevant to the National Ignition Facility and OMEGA},
  year      = {2011},
  issn      = {1089-7623},
  month     = sep,
  number    = {9},
  volume    = {82},
  doi       = {10.1063/1.3635537},
  publisher = {AIP Publishing},
}

@Article{Zylstra2012new,
  author    = {Zylstra, A.B. and Frenje, J.A. and Séguin, F.H. and Gatu Johnson, M. and Casey, D.T. and Rosenberg, M.J. and Waugh, C. and Sinenian, N. and Manuel, M.J.-E. and Li, C.K. and Petrasso, R.D. and Kim, Y. and Herrmann, H.W.},
  journal   = {Nuclear Instruments and Methods in Physics Research Section A: Accelerators, Spectrometers, Detectors and Associated Equipment},
  title     = {A new model to account for track overlap in CR-39 data},
  year      = {2012},
  issn      = {0168-9002},
  month     = jul,
  pages     = {84--90},
  volume    = {681},
  doi       = {10.1016/j.nima.2012.04.021},
  publisher = {Elsevier BV},
}

@Misc{SRIM,
  author = {James F. Ziegler},
  note   = {http://www.srim.org/},
  title  = {{SRIM} - {T}he {S}topping and {R}anging of {I}ons in {M}atter},
  year   = {2013},
  url    = {http://www.srim.org/},
}


@Article{Seguin2003spectrometry,
  author    = {F. H. S{\'{e}}guin and J. A. Frenje and C. K. Li and D. G. Hicks and S. Kurebayashi and J. R. Rygg and B.-E. Schwartz and R. D. Petrasso and S. Roberts and J. M. Soures and D. D. Meyerhofer and T. C. Sangster and J. P. Knauer and C. Sorce and V. Yu. Glebov and C. Stoeckl and T. W. Phillips and R. J. Leeper and K. Fletcher and S. Padalino},
  journal   = {Review of Scientific Instruments},
  title     = {Spectrometry of charged particles from inertial-confinement-fusion plasmas},
  year      = {2003},
  month     = {feb},
  number    = {2},
  pages     = {975--995},
  volume    = {74},
  doi       = {10.1063/1.1518141},
  publisher = {{AIP} Publishing},
}

@Article{Zylstra2012charged,
  author    = {Zylstra, A. B. and Frenje, J. A. and Séguin, F. H. and Rosenberg, M. J. and Rinderknecht, H. G. and Johnson, M. Gatu and Casey, D. T. and Sinenian, N. and Manuel, M. J.-E. and Waugh, C. J. and Sio, H. W. and Li, C. K. and Petrasso, R. D. and Friedrich, S. and Knittel, K. and Bionta, R. and McKernan, M. and Callahan, D. and Collins, G. W. and Dewald, E. and Döppner, T. and Edwards, M. J. and Glenzer, S. and Hicks, D. G. and Landen, O. L. and London, R. and Mackinnon, A. and Meezan, N. and Prasad, R. R. and Ralph, J. and Richardson, M. and Rygg, J. R. and Sepke, S. and Weber, S. and Zacharias, R. and Moses, E. and Kilkenny, J. and Nikroo, A. and Sangster, T. C. and Glebov, V. and Stoeckl, C. and Olson, R. and Leeper, R. J. and Kline, J. and Kyrala, G. and Wilson, D.},
  journal   = {Review of Scientific Instruments},
  title     = {Charged-particle spectroscopy for diagnosing shock ρR and strength in NIF implosions},
  year      = {2012},
  issn      = {1089-7623},
  month     = jun,
  number    = {10},
  volume    = {83},
  doi       = {10.1063/1.4729672},
  publisher = {AIP Publishing},
}



@Article{Seguin2012advances,
  author    = {Seguin, F. H. and Sinenian, N. and Rosenberg, M. and Zylstra, A. and Manuel, M. J.-E. and Sio, H. and Waugh, C. and Rinderknecht, H. G. and Johnson, M. Gatu and Frenje, J. and Li, C. K. and Petrasso, R. and Sangster, T. C. and Roberts, S.},
  journal   = {Review of Scientific Instruments},
  title     = {Advances in compact proton spectrometers for inertial-confinement fusion and plasma nuclear science},
  year      = {2012},
  issn      = {1089-7623},
  month     = jul,
  number    = {10},
  volume    = {83},
  doi       = {10.1063/1.4732065},
  publisher = {AIP Publishing},
}


@Article{Sio2014technique,
  author    = {Sio, H. and Séguin, F. H. and Frenje, J. A. and Gatu Johnson, M. and Zylstra, A. B. and Rinderknecht, H. G. and Rosenberg, M. J. and Li, C. K. and Petrasso, R. D.},
  journal   = {Review of Scientific Instruments},
  title     = {A technique for extending by ∼103 the dynamic range of compact proton spectrometers for diagnosing ICF implosions on the National Ignition Facility and OMEGA},
  year      = {2014},
  issn      = {1089-7623},
  month     = aug,
  number    = {11},
  volume    = {85},
  doi       = {10.1063/1.4892439},
  publisher = {AIP Publishing},
}




@Article{GatuJohnson2023charged,
  author    = {M. {Gatu Johnson}},
  journal   = {Review of Scientific Instruments},
  title     = {Charged particle diagnostics for inertial confinement fusion and high-energy-density physics experiments},
  year      = {2023},
  month     = {feb},
  number    = {2},
  pages     = {021104},
  volume    = {94},
  doi       = {10.1063/5.0127438},
  fjournal  = {Review of Scientific Instruments},
  keywords  = {CPS, MRS},
  publisher = {{AIP} Publishing},
}
