@Article{simgrid,
  hal_id = {hal-04909441},             
  title = {{Lowering entry barriers to developing custom simulators of distributed applications and platforms with SimGrid}},
  author = {Casanova, Henri and Giersch, Arnaud and Legrand, Arnaud and Quinson, Martin and Suter, Fr{\'e}d{\'e}ric},
  journal = {{Parallel Computing}},
  publisher = {{Elsevier}},
  volume = {123},
  pages = {103125},
  year = {2025},
  month = Mar
}