@misc{oufattole2024medstabautomatedtabularizationbaseline,
      title={MEDS-Tab: Automated tabularization and baseline methods for MEDS datasets},
      author={Nassim Oufattole and Teya Bergamaschi and Aleksia Kolo and Hyewon Jeong and Hanna Gaggin and Collin M. Stultz and Matthew B. A. McDermott},
      year={2024},
      eprint={2411.00200},
      archivePrefix={arXiv},
      primaryClass={cs.LG},
      url={https://arxiv.org/abs/2411.00200},
}
