@inproceedings{pang2021cehr,
  title={CEHR-BERT: Incorporating temporal information from structured EHR data to improve prediction tasks},
  author={Pang, Chao and Jiang, Xinzhuo and Kalluri, Krishna S and Spotnitz, Matthew and Chen, RuiJun and Perotte, Adler and Natarajan, Karthik},
  booktitle={Machine Learning for Health},
  pages={239--260},
  year={2021},
  organization={PMLR}
}
