@book{Doherty:2015,
    author = {{Doherty}, J.},
    title = {Calibration and Uncertainty Analysis for Complex Environmental Models},
    publisher = {Watermark Numerical Computing},
    address = {Brisbane, Australia},
    year = {2015},
    isbn = {978-0-9943786-0-6}
}

@book{Hoogenboom:2023,
    author = {{Hoogenboom}, G. and {Porter}, C.H. and {Shelia}, V. and {Boote}, K.J. and {Singh}, U. and {Pavan}, W. and {Oliveira}, F.A.A. and {Moreno-Cadena}, L.P. and {Ferreira}, T.B. and {White}, J.W. and {Lizaso}, J.I. and {Pequeno}, D.N.L. and {Kimball}, B.A. and {Alderman}, P.D. and {Thorp}, K.R. and {Cuadra}, S.V. and {Vianna}, M.S. and {Villalobos}, F.J. and {Batchelor}, W.D. and {Asseng}, S. and {Jones}, M.R. and {Hopf}, A. and {Dias}, H.B. and {Hunt}, L.A. and {Jones}, J.W.},
    title = {Decision Support System for Agrotechnology Transfer (DSSAT) Version 4.8.2},
    publisher = {DSSAT},
    year = {2023},
    url = {https://www.DSSAT.net}
}

@article{Kasampalis:2018,
    author = {{Kasampalis}, D. A. and {Alexandridis}, T. K. and {Deva}, C. and {Challinor}, A. and {Moshou}, D. and {Zalidis}, G.},
    title = {Contribution of Remote Sensing on Crop Models: A Review},
    journal = {Journal of Imaging},
    year = {2018},
    volume = {4},
    number = {4},
    article-number = {52},
    doi = {10.3390/jimaging4040052},
    url = {https://doi.org/10.3390/jimaging4040052}
}

@misc{Vargas-Rojas:2024,
    author = {{Vargas-Rojas}, L. and {Wang}, D. and {Reynolds}, M.},
    title = {How Can We Streamline Wheat Model Calibration with Remote Sensing?},
    year = {2024},
    note = {[Abstract]},
    journal = {ASA, CSSA, SSSA International Annual Meeting},
    address = {San Antonio, TX},
    url = {https://scisoc.confex.com/scisoc/2024am/meetingapp.cgi/Paper/161215}
}